@misc{ x,
       author = "Roman",
       title = "Something ",
       year = "2015.5" }
